<?xml version="1.0" encoding="UTF-8"?><collection xmlns="http://www.loc.gov/MARC21/slim"><record><leader>00481nam--2200157-i-4500</leader><controlfield tag="001">000012929</controlfield><controlfield tag="002">20161230</controlfield><controlfield tag="005">20170304143924</controlfield><controlfield tag="008">060222s1000------------r-----000-0-eng-d</controlfield><datafield ind1=" " ind2=" " tag="100"><subfield code="a">Cros, R. C</subfield></datafield><datafield ind1=" " ind2=" " tag="245"><subfield code="a">A course of theoretical physics Vol.1: Fundamental laws, mechanics electrodynamics quantum mechanics</subfield></datafield><datafield ind1=" " ind2=" " tag="260"><subfield code="a">Moscow</subfield><subfield code="b">Mir Publ</subfield><subfield code="c">1978</subfield></datafield><datafield ind1=" " ind2=" " tag="490"><subfield code="a">A Course Of Theoretical Physics</subfield></datafield><datafield ind1=" " ind2=" " tag="700"><subfield code="a">Kompaneyets, A. S</subfield></datafield><datafield ind1=" " ind2=" " tag="852"><subfield code="a">530.1(075.8)</subfield></datafield><datafield ind1=" " ind2=" " tag="CAT"><subfield code="a">SYS</subfield><subfield code="c">20170304</subfield><subfield code="h">143924</subfield></datafield></record></collection>